@inproceedings{razak2011agile,
  title={testing with Selenium},
  author={Razak, Rosnisa Abdull and Fahrurazi, Fairul Rizal},
  booktitle={2011 Malaysian Conference in Software Engineering},
  pages={217--219},
  year={2011},
  organization={IEEE}
}

@misc{maruyama1994wireless,
  title={
24/5000
Remote control otomatis},
  author={Maruyama, Atsushi and Ide, Masataka},
  year={1994},
  month=jun # "~21",
  publisher={Google Patents},
  note={US Patent 5,323,203}
}

@inproceedings{lee2005selenium,
  title={Selenium detector with a grid for selenium charge gain},
  author={Lee, Denny LY},
  booktitle={Medical Imaging 2005: Physics of Medical Imaging},
  volume={5745},
  pages={216--222},
  year={2005},
  organization={International Society for Optics and Photonics}
}

@article{solikin2018implementasi,
  title={Implementasi E-Modul pada Program Studi Manajemen Informatika Universitas Bina Darma Berbasis Web Mobile},
  author={Solikin, Imam},
  journal={Jurnal RESTI (Rekayasa Sistem dan Teknologi Informasi)},
  volume={2},
  number={2},
  pages={492--497},
  year={2018}
}

@article{rahayu2011perancangan,
  title={Perancangan Aplikasi Sistem Manajemen Inventori Pemberkasan Surat Masuk Dan Keluar Di Politeknik Pos Indonesia Sebagai Penunjang Sistem Paperless},
  author={Rahayu, Woro Isti},
  journal={Jurnal Fakultas Hukum UII},
  year={2011},
  publisher={Islamic University of Indonesia}
}

@article{rivai2013pembangunan,
  title={Pembangunan sistem informasi pengolahan data nilai siswa berbasis web pada Sekolah Menengah Kejuruan (SMK) Miftahul Huda Ngadirojo},
  author={Rivai, Dani Ainur and Purnama, Bambang Eka},
  journal={IJNS-Indonesian Journal on Networking and Security},
  volume={3},
  number={2},
  year={2013}
}

@article{neyfa2016perancangan,
  title={Perancangan Aplikasi E-Canteen Berbasis Android Dengan Menggunakan Metode Object Oriented Analysis \& Design (OOAD)},
  author={Neyfa, Bella Chintya and Tamara, Dony},
  journal={Jurnal Penelitian Komunikasi dan Opini Publik Vol},
  volume={20},
  number={1},
  pages={83--91},
  year={2016}
}

@article{aini2007sistem,
  title={Sistem Informasi Geografis Pengertian dan Aplikasinya},
  author={Aini, Anisah},
  journal={STMIK AMIKOM Yogyakarta},
  volume={13},
  year={2007}
}